@software{Hu_LaTeX-Template,
  author = {Hu, Pingbang},
  title  = {{LaTeX-Template}},
  url    = {https://github.com/sleepymalc/LaTeX-Template}
}